@inproceedings{underOptimized,
  author = {Chen, T. and Li, X. and Luo, X. and Zhang, X.},
  title = {Under-optimized smart contracts devour your money},
  booktitle = {2017 IEEE 24th International Conference on Software Analysis, Evolution and Reengineering (SANER)},
  pages = {442--446},
  year = {2017},
  publisher = {IEEE}
}

@article{slither,
  author = {Josselin Feist and Gustavo Grieco and Alex Groce},
  title = {Slither: A Static Analysis Framework For Smart Contracts},
  journal = {arXiv preprint arXiv:1908.09834},
  year = {2019}
}

@article{blockchainAttacks,
  author = {Muhammad Saad and Jeffrey Spaulding and Laurent Njilla and Charles Kamhoua and Sachin Shetty and DaeHun Nyang and Aziz Mohaisen},
  title = {Exploring the Attack Surface of Blockchain: A Systematic Overview},
  journal = {IEEE Communications Surveys \& Tutorials},
  year = {2019}
}

@article{reentrancy,
  author = {Noama F. and Manar H.},
  title = {Reentrancy Vulnerability Identification in Ethereum Smart Contracts},
  journal = {International Journal of Advanced Computer Science and Applications},
  year = {2021}
}

@inproceedings{replay,
  author = {Alberto Sonnino and Shehar Bano and Mustafa Al-Bassam and George Danezis},
  title = {Replay Attacks and Defenses Against Cross-shard Consensus in Sharded Distributed Ledgers},
  booktitle = {Proceedings of the 2020 ACM SIGSAC Conference on Computer and Communications Security},
  year = {2020}
}

@misc{quadriga,
  author = {Quadriga Initiative},
  title = {Quadriga Initiative},
  howpublished = {\url{https://quadrigainitiative.com/indexjay.php}},
  note = {Accessed: 2025-05-24}
}

@article{detectReentrancy,
  author = {Ayman Alharby and Alex N. and Paul A. Watters and A. S. M. Kayes},
  title = {A Mechanism to Detect and Prevent Ethereum Blockchain Smart Contract Reentrancy Attacks},
  journal = {IEEE Access},
  year = {2021}
}

@article{staticAnalysisToolsComparison,
  author = {Kaixuan Li and others},
  title = {Static Application Security Testing (SAST) Tools for Smart Contracts: How Far Are We?},
  journal = {IEEE Access},
  year = {2024}
}

@article{staticAnalysisDef,
  author = {P\"ar Emanuelsson and Ulf Nilsson},
  title = {A Comparative Study of Industrial Static Analysis Tools},
  journal = {Electronic Notes in Theoretical Computer Science},
  year = {2008}
}

@article{symbolicExecutionDef,
  author = {Baldoni, Roberto and Coppa, Emilio and D'Elia, Daniele Cono and Demetrescu, Camil and Finocchi, Irene},
  title = {A Survey of Symbolic Execution Techniques},
  journal = {ACM Computing Surveys},
  year = {2018}
}

@article{manticore,
  author = {Mark Mo and Felipe Manzano and Eric Hennenfent and Alex Groce and Gustavo Grieco and Josselin Feist and Trent Brunson and Artem Dinaburg},
  title = {Manticore: A User-Friendly Symbolic Execution Framework for Binaries and Smart Contracts},
  journal = {arXiv preprint arXiv:1907.03890},
  year = {2019}
}

@article{dynamicAnalysis,
  author = {Lyubka Dencheva},
  title = {Comparative analysis of Static application security testing (SAST) and Dynamic application security testing (DAST) by using open-source web application penetration testing tools},
  journal = {International Journal of Computer Applications},
  year = {2022}
}

@misc{slitherGitHub,
  author = {Josselin Feist and Gustavo Grieco and Alex Groce},
  title = {Slither GitHub Repository},
  howpublished = {\url{https://github.com/crytic/slither}},
  year = {2018}
}

@article{staticAnalysisTest,
  author = {Senan Behan},
  title = {Solidity Smart Contract Testing with Static Analysis Tools},
  journal = {Blockchain Research and Applications},
  year = {2022}
}

@article{slitherVSsmartCheck,
  author = {Bahareh Lashkari and Petr Musilek},
  title = {Evaluation of Smart Contract Vulnerability Analysis Tools: A Domain-Specific Perspective},
  journal = {IEEE Access},
  year = {2023}
}

@article{badRandomness,
  author = {Peng Qian and Jianting He and Lingling Lu and Siwei Wu and Zhipeng Lu and Lei Wu and Yajin Zhou and Qinming He},
  title = {Demystifying Random Number in Ethereum Smart Contract: Taxonomy, Vulnerability Identification, and Attack Detection},
  journal = {IEEE Transactions on Information Forensics and Security},
  year = {2023}
}

@article{paxos,
  author = {Leslie Lamport},
  title = {The Part-Time Parliament},
  journal = {},
  year = {1998}
}

@article{smartContracts,
  author = {Merit K\~olvart, Margus Poola and Addi Rull},
  title = {Smart Contracts},
  journal = {},
  year = {2016}
}

@misc{arithmeticAttack,
  author       = {{SmartState}},
  title        = {Understanding Overflow and Underflow Vulnerabilities in Smart Contracts},
  year         = {2023},
  howpublished = {\url{https://smartstate.tech/blog/understanding-overflow-and-underflow-vulnerabilities-in-smart-contracts.html}},
  note         = {Accessed: 2025-05-22}
}

@misc{ethereumLowerElectricity,
  author       = {{Digiconomist}},
  title        = {Ethereum Energy Consumption Index},
  year         = {2023},
  howpublished = {\url{https://digiconomist.net/ethereum-energy-consumption}},
  note         = {Accessed: 2025-05-22}
}

@misc{gitHubRestAPI,
  author       = {{GitHub}},
  title        = {GitHub REST API documentation},
  year         = {2025},
  howpublished = {\url{https://docs.github.com/en/rest?apiVersion=2022-11-28}},
  note         = {Accessed: 2025-06-08}
}

@misc{pySide6,
  author       = {{The Qt Company}},
  title        = {PySide6 documentation},
  year         = {2025},
  howpublished = {\url{https://doc.qt.io/qtforpython-6/}},
  note         = {Accessed: 2025-06-11}
}

@misc{solidityDocs,
  author       = {{The Solidity Authors}},
  title        = {Solidity documentation},
  year         = {2025},
  howpublished = {\url{https://docs.soliditylang.org/en/v0.8.30/}},
  note         = {Accessed: 2025-06-12}
}

@misc{sampleProject1,
  author       = {{Alexandra-Elena T., Ana-Maria O., Marius E.}},
  title        = {Sample smart contract $\#$1},
  year         = {2023},
  howpublished = {\url{https://github.com/MariusChiarEl/Blockchain-project}},
  note         = {Accessed: 2025-06-13}
}

@misc{sampleProject2,
  author       = {{Eduard-Antonio P., Iustin-Ștefănel B.}},
  title        = {Sample smart contract $\#$2},
  year         = {2023},
  howpublished = {\url{https://github.com/IustinBarbir/Blockchain}},
  note         = {Accessed: 2025-06-13}
}

@misc{sampleProject3,
  author       = {{Alexandru C., Cristian-Ștefan B., Eduard T.}},
  title        = {Sample smart contract $\#$3},
  year         = {2023},
  howpublished = {\url{https://github.com/cristibctr/SmartSupplyChain}, \url{https://github.com/cristibctr/Tema2Blockchain}},
  note         = {Accessed: 2025-06-13}
}

@misc{smartScan,
  author       = {{Marius E.}},
  title        = {SmartScan},
  year         = {2025},
  howpublished = {\url{https://github.com/MariusChiarEl/SmartScan}},
  note         = {Accessed: 2025-06-14}
}

@techreport{blockchain,
  author       = {Grech, Neville and Kong, Yu and Jurisevic, Aleksandar and Brent, L. and Scholz, Bernhard and Smaragdakis, Yannis},
  title        = {Finding The Greedy, Prodigal, and Suicidal Contracts at Scale},
  year         = {2017},
  institution  = {International Association for Cryptologic Research},
  number       = {2017/375},
  url          = {https://eprint.iacr.org/2017/375.pdf},
  type         = {Cryptology ePrint Archive},
}